%% LaTeX2e file `paper.bib'
%% generated by the `filecontents' environment
%% from source `paper' on 2017/05/28.
%%

 @article {lowenstein,
  author = "George Loewenstein",
  title = "The scarecrow and the tin man: The vicissitudes of human sympathy and caring",
  journal = "Review of General Psychology",
  year = "2007",
 }
 @book{marx,
  author = "Karl Marx",
  title = "Das Kapital",
  volume = "1",
  chapter = "25",
  publisher = "Verlag von Otto Meisner",
  year = "1867"
 }
 @book{rittenberg,
  author = "Libby Rittenberg, Timothy Tregarthen",
  title = "Principles of Microeconomics",
  chapter = "6",
  publisher = "Flat World Knowledge",
  year = "2009"
 }

 @article{odd,
  author = "Volker Grimm and others",
  title = "A standard protocol for describing individual-based and agent-based models", 
  journal = "Ecological Modelling",
  volume = "221", 
  issue = "23",
  day = "24",
  month = "11", 
  year = "2010"
 }

 @article{moyes,
  author = "Moyes, P.",
  title = "A note on minimally progressive taxation and absolute income inequality",
  journal = "Soc Choice Welfare",
  issue = "2",
  year = "1988"
 }

 @article{jevons,
  author = "William Stanley Jevons",
  title = "Money and the Mechanism of Exchange",
  journal = "New York: D. Appleton and Co.",
  year = "1876"
 }

 @article{davis,
  author = "Kingsley Davis",
  title = "The Urbanization of the Human Population",
  journal = "Scientific American",
  volume = "213",
  year = "1965"
 }

 @article{jennissen,
  author = "Roel Jennissen",
  title = "Causality Chains in the International Migration Systems Approach",
  journal = "Res Policy Rev",
  year = "2007"
 }

 @misc{weintraub,
  author = "E. Roy Weintraub",
  title = "Neoclassical Economics", 
  publisher = "The Concise Encyclopedia Of Economics",
  year = "2007", 
  url = "http://www.econlib.org/library/Enc1/NeoclassicalEconomics.html"
 }

 @book{schaefer,
  author = "Richard T. Schaefer",
  title = "Racial and Ethnic Groups", 
  publisher = "Prentice Hall",
  edition = "11",
  year = "2007"
 }

 @book{weeks,
  author = "John R. Weeks",
  title = "Population: an introduction to concepts and issues", 
  publisher = "Wadsworth Inc Fulfillment",
  year = "2012"
 }

 @article{harris,
  author = "Charlotte Min-Harris",
  title = "Youth Migration and Poverty in Sub-Saharan Africa: Empowering the Rural Youth",
  journal = "Human Rights and Human Welfare",
  year = "2010"
 }